4692 5259
1242 534 2185 605 EPISTULARUM
2286 538 2588 609 PARS
2677 542 2778 609 11.
2835 540 3158 618 EPIST.
3225 545 3442 619 XIII.
3665 586 3740 649 39

978 668 1098 717 uec
1112 649 1381 739 amplius
1396 650 1513 717 hac
1524 652 1603 719 de
1620 646 1796 717 causa
1810 652 2101 721 ordinem
2124 650 2422 725 deberent
2434 672 2710 743 mutare,
2735 656 2772 743 (
2789 650 2902 729 nifi
2913 654 3088 733 forte
3099 680 3210 753 per
3233 666 3524 741 accidens
3537 662 3614 755 ,)
3641 666 3746 739 sed

977 744 1181 815 solum
1198 749 1395 823 totius
1411 749 1663 819 vorticis
1682 768 1937 819 motum
1954 744 2322 867 circularefn
2332 748 2530 849 sequi.

1062 978 1443 1071 Exemplum
1460 980 1525 1047 in
1542 970 1739 1069 figura
1755 1000 1893 1071 pag.
1910 972 2203 1075 sequ.ad-
2344 965 2345 1057 Ῠ
2439 1061 2450 1067 ,

974 1078 1241 1151 austum
1270 1078 1421 1147 nihil
1446 1078 1637 1143 habet
1678 1071 1883 1149 simile
1920 1078 2203 1169 globulis
2344 1110 2345 1163 3

970 1172 1223 1247 secundi
1266 1176 1567 1245 elementi
1608 1202 1629 1257 3
1674 1196 1835 1243 cum
1878 1180 2051 1245 enim
2105 1179 2197 1249 illi

971 1276 1263 1346 ordinem
1289 1290 1539 1343 mutant
1571 1314 1594 1349 ,
1640 1291 1715 1339 ex
1741 1276 1839 1342 via
1867 1270 2199 1365 angustio·
2344 1272 2345 1318 l

972 1376 1021 1441 ri
1044 1376 1107 1441 in
1131 1369 1423 1441 latiorem
1436 1363 2193 1449 transeunt,scilicet-cum

968 1469 1277 1541 recedunt
1308 1466 1345 1537 ἑ
1370 1488 1591 1539 centro
1631 1468 1711 1553 ad
1742 1464 2192 1541 circumferen-
2344 1471 2345 1515 ¹

966 1572 1123 1637 tiam
1172 1585 1412 1636 euntes.
1544 1570 1620 1635 In
1673 1565 1789 1634 hac
1833 1586 1991 1634 vero
2020 1562 2193 1663 flgu-
2344 1642 2345 1650 χ

966 1686 1035 1733 ra
1072 1666 1461 1737 contrarium
1518 1656 2003 1757 repraesentatur.

2196 1909 2520 2003 Responsio.

1062 2030 1194 2107 Isto
1216 2034 1489 2107 articulo
1498 2036 1635 2110 vult
1648 2056 1837 2112 autor
1862 2036 2199 2127 ostendere,
2216 2044 2557 2142 quomodo
2571 2042 2816 2139 globuli
2849 2042 3132 2137 quamvis
3155 2034 3598 2135 magnitudhe
3629 2062 3718 2109 ε-

962 2136 1207 2230 quales,
1222 2153 1295 2205 ut
1305 2130 1717 2227 supposuerat,
1736 2158 2111 2216 moveantur
2126 2145 2390 2215 celerius
2405 2149 2514 2214 uni
2531 2145 2689 2224 aliis,
2704 2140 2884 2235 quod
2910 2138 3076 2211 teste
3105 2132 3492 2210 demonstrat
3523 2165 3544 2220 3
3589 2156 3710 2206 nec

965 2232 1243 2303 dubium
1260 2228 1367 2315 est,
1378 2236 1531 2325 quin
1546 2228 1895 2325 superiores
1912 2256 2295 2311 moveantur
2308 2241 2574 2312 celerius
2597 2238 2994 2312 inferioribus
3007 2238 3170 2307 ultra
3187 2228 3478 2325 spheram
3495 2238 3707 2303 Satur-

967 2334 1057 2411 ni,
1073 2350 1225 2399 cum
1241 2326 1581 2418 superiores
1599 2335 1827 2401 eodem
1846 2352 2133 2419 tempore
2146 2336 2281 2424 plus
2298 2330 2468 2425 spatii
2483 2356 2876 2426 percurrant,
2892 2355 3086 2431 quam
3103 2328 3452 2402 inferiores.
3547 2332 3708 2401 Non

968 2444 1187 2497 autem
1200 2422 1367 2493 reite
1394 2420 1590 2493 infert
1606 2430 1723 2495 Vrr
1739 2426 2155 2509 clariffimus,
2174 2426 2498 2501 solidiores
2515 2435 2648 2501 aliis
2665 2432 2896 2501 debere
2905 2429 3168 2501 evadere
3181 2426 3545 2515 superiores,
3563 2432 3708 2515 quia

968 2540 1156 2591 autor
1169 2541 1303 2590 non
1315 2522 1445 2591 vult
1472 2519 1771 2612 globulos
1785 2520 1932 2593 istos
1952 2546 2079 2617 quo
2094 2528 2231 2595 sunt
2246 2526 2586 2606 craffiores,
2603 2528 2810 2617 magis
2827 2522 3116 2595 recedere
3131 2520 3168 2591 Ξ
3181 2540 3402 2591 centro
3421 2526 3710 2605 vorticis,

966 2613 1078 2688 sed
1093 2639 1203 2685 eos
1216 2612 1661 2720 solummodq,
1672 2620 1787 2711 qui
1812 2614 1955 2691 sunt
1968 2626 2175 2715 magis
2190 2627 2402 2717 agitati
2421 2655 2442 2709 3
2493 2622 2620 2693 hoc
2631 2620 3228 2713 efficumeonringit
3245 2636 3316 2687 ut
3333 2622 3546 2687 minus
3561 2638 3710 2689 ma·-

960 2712 1303 2811 gnitudine
1324 2708 1687 2807 superentur
1700 2714 1779 2787 ab
1796 2720 1957 2803 aliis,
1970 2722 2075 2813 qui
2086 2718 2247 2791 infra
2260 2716 2430 2802 sunt,
2455 2741 2648 2815 quam
2669 2717 2819 2791 illos
2837 2717 3154 2805 celeritate
3185 2710 3495 2807 superant.

2159 2836 2486 2925 bellantia.
2622 2871 2628 2877 ·

1064 2948 1191 3025 Sed
1200 2972 1339 3023 non
1352 2940 1603 3045 possunt
1624 2952 1829 3047 magis
1842 2953 2056 3045 agitari
2074 2950 2335 3045 quidam
2356 2952 2600 3047 globuli
2616 2956 2878 3032 caeteris,
2892 2946 3003 3023 nili
3017 2948 3055 3022 Ξι
3083 2946 3392 3023 soliditate
3424 2954 3650 3045 majori
3675 2978 3700 3035 ς

968 3070 1079 3121 aut
1094 3050 1199 3135 illa
1214 3052 1477 3145 agitatio
1492 3054 1609 3122 erit
1621 3052 2022 3121 accidentalis
2040 3096 2065 3133 ‚
2078 3052 2149 3121 δι
2164 3073 2270 3139 per
2296 3048 2684 3140 consequens
2717 3053 2886 3140 parvi
2913 3052 3255 3121 momenti.

1018 3151 1339 3241 Praecipua
1356 3168 1571 3220 autem
1588 3149 1697 3237 huj
1704 3170 1747 3231 9
1764 3144 2047 3219 secundae
2061 3144 2436 3241 objectionis
2451 3140 2814 3230 difficultas,
2827 3168 2960 3239 quae
2971 3168 3107 3219 non
3126 3141 3264 3218 satis
3279 3147 3442 3218 clare
3459 3168 3698 3241 propo-

968 3240 1079 3318 fita
1092 3242 1239 3327 fuit,
1252 3248 1317 3317 iu
1334 3246 1460 3315 hoc
1480 3244 1785 3329 consistit,
1798 3243 1974 3339 quod
1982 3264 2117 3317 non
2134 3244 2339 3329 video,
2357 3266 2468 3314 cur
2481 3245 2644 3316 verbi
2661 3243 3086 3337 gratia·omnis
3101 3246 3366 3317 materia
3387 3266 3522 3339 quae
3549 3264 3700 3309 mo-

969 3346 1545 3421 vetur.circulariter
1554 3344 1975 3427 circaSolem‚
1990 3341 2070 3415 ab
2098 3340 2229 3435 ipso
2246 3344 2394 3415 Sole
2413 3340 2602 3437 usque
2639 3340 2722 3412 ad
2750 3339 2998 3415 cert'fim
3035 3346 3388 3415 terminum
3406 3390 3431 3425 ,
3475 3366 3574 3411 ex.
3605 3360 3698 3411 ca.

960 3448 1337 3527 Sarranum,
1356 3444 1581 3515 debeat
1590 3442 1907 3537 gradatim
1926 3440 2217 3539 retardari
2244 3465 2265 3523 3
2312 3438 2860 3534 transadioqueillo
2875 3446 3184 3534 termino,
3195 3440 3366 3511 unde
3375 3462 3538 3509 nova
3553 3440 3702 3507 huic

968 3538 1245 3613 materia
1256 3540 1535 3634 celeritas
1556 3536 2057 3633 poss'etadvienire
2073 3588 2098 3620 ,
2114 3538 2504 3631 utgradatim
2523 3536 3076 3609 adextremitatem
3107 3526 3558 3630 usquevorticis
3587 3536 3694 3607 di-

969 3632 1059 3707 &i
1074 3638 1239 3735 Solis
1252 3638 1972 3726 acceleraricirculariter
1998 3636 2327 3707 movendo
2351 3628 2571 3729 pollis.
3235 3657 3243 3666 ·
3677 3658 3684 3664 ·

1071 3746 1409 3845 Supposuit
1419 3726 1939 3845 arilei'Dominus
1964 3752 2101 3823 Des
2122 3750 2360 3829 Cartes
2383 3752 2581 3819 totius
2605 3743 3214 3838 materiaepnrtieulr's
3263 3746 3488 3823 divisas
3529 3754 3698 3823 circa

968 3856 1219 3947 propria
1243 3844 1353 3919 sua
1374 3869 1591 3920 centra
1614 3844 1934 3941 separatim
1968 3850 2217 3919 moveri
2243 3882 2273 3935 ,-
2326 3848 2399 3921 δι
2425 3866 2640 3919 earum
2683 3843 3132 3937 panicularum
3155 3843 3702 3921 -irurmnerabilem

966 3951 1387 4047 quantitatem
1397 3948 1571 4019 circa
1579 3946 1861 4039 quaedam
1880 3942 2103 4038 pun&
2117 3946 2458 4019 intervallis
2475 3940 2752 4018 definitis
2761 3940 3052 4037 separata,
3061 3962 3137 4015 ut
3149 3942 3520 4021 sumcentra
3533 3942 3694 4015 fixa-

968 4069 1116 4124 rum
1136 4046 1461 4213 ,Zirculari
1501 4070 1524 4129 3
1578 4044 1649 4119 δι
1688 4066 1769 4113 ex
1794 4044 1905 4153 bis·
1928 4042 2179 4115 duabus
2213 4034 2740 4139 suppositionibus
2777 4062 3012 4115 omnes
3049 4048 3432 4143 apparentiae
3465 4038 3700 4119 salvare

964 4166 1172 4243 promi
1224 4164 1275 4214 t.

1060 4242 1441 4321 lnhocvero
1471 4240 1735 4313 articulo
1760 4238 1833 4311 δι
1857 4236 2253 4335 sequentihus
2280 4240 2422 4319 vult
2447 4241 2712 4337 probare
2741 4181 3076 4317 riiateriam
3099 4238 3426 4316 coetestem
3453 4238 3696 4405 merzig-i

3465 4357 3509 4406 C
