4692 5259
1074 580 1169 644 ς,
1838 506 2301 617 nsunt
2371 532 2601 608 nes
2675 524 3105 607 canus
3277 600 3300 611 ,

1078 674 1189 753 sed
1216 668 1565 769 retorqueri
1589 655 1798 743 versus
1820 661 1918 747 D,
1944 658 2099 759 quia
2122 655 2389 763 materia
2415 642 2724 735 coelestis,
2765 648 2838 720 in
2884 666 3006 745 qua
3049 644 3422 719 continetur
3445 690 3472 731 ,
3507 635 3704 738 ipsam
3739 656 3836 713 eo

1080 779 1288 851 ducit.

1180 918 1569 1013 thuatnvis
1594 909 1845 985 dmum
1862 903 1939 979 stt
1962 885 2305 977 materiam
2332 893 2698 981 coeiestem,
2739 916 2882 995 quae
2906 895 3075 966 circa
3095 895 3315 1007 soient
3335 906 3563 1007 gyrat,
3597 908 3684 958 eo
3711 904 3836 957 ce-

1088 1008 1282 1096 le'rius
1310 1012 1633 1109 ferri,quo
1644 1012 1779 1081 Soli
1811 1006 2073 1079 vicinior
2102 998 2368 1088 cst,non
2393 999 2548 1070 inde
2579 994 2871 1091 sequitur,
2895 1009 3098 1085 partes
3120 989 3290 1063 isttus
3324 1009 3602 1061 materne
3625 986 3836 1057 σαι-Ιο-

1088 1118 1565 1203 stiscontentas
1577 1113 1647 1181 in
1659 1108 1897 1203 eniguo
1912 1102 2148 1181 vortice
2172 1102 2305 1173 AB
2324 1102 2387 1175 C
2401 1100 2502 1186 D,
2531 1090 2784 1191 qundo
2797 1088 2942 1165 sunt
2966 1085 3176 1167 versus
3189 1092 3285 1175 D,
3311 1086 3542 1162 debere
3565 1087 3834 1161 celerius

1094 3459 1505 3537 circasoiem
1534 3450 1909 3545 ferri‚quam
1926 3454 2187 3550 quando
2202 3450 2341 3527 sunt
2359 3452 2564 3529 versus
2589 3461 2642 3530 B
2680 3484 2703 3543 3
2749 3460 2894 3551 quia
2908 3474 3060 3526 cum
3078 3477 3164 3527 eae
3177 3472 3428 3537 omnes,
3461 3459 3676 3550 quaein
3709 3460 3854 3529 exi·

1097 3586 1237 3657 guo
1254 3560 1497 3634 vortice
1522 3558 1585 3626 A
1612 3554 1741 3625 BC
1760 3556 1831 3625 D
1864 3556 2298 3637 continentur,
2320 3552 2714 3628 consentiant
2729 3561 2794 3627 in
2822 3550 3018 3625 alium
3055 3572 3312 3624 motum
3335 3557 3504 3626 circa
3541 3573 3848 3632 centrum

1098 3666 1197 3743 T,
1213 3675 1535 3753 quomotu
1558 3674 1731 3723 nunc
1758 3654 2070 3725 accedunt
2085 3653 2396 3725 adSoiem
2415 3704 2437 3735 ,
2455 3679 2631 3726 nunc
2644 3652 2723 3724 ab
2739 3678 2818 3725 eo
2829 3656 3136 3723 recedunt
3161 3700 3188 3735 ,
3231 3672 3542 3745 quantum
3581 3656 3664 3727 ad
3695 3677 3848 3729 eam

1097 3776 1327 3831 motus
1349 3752 1876 3824 accelerationem
1892 3757 2141 3835 attinet,
2159 3776 2354 3847 quam
2369 3750 2406 3822 εἰ
2423 3754 2571 3823 S'ole
2603 3770 2995 3831 mutuantur,
3011 3773 3146 3821 non
3177 3744 3520 3841 spectandae
3531 3748 3672 3827 sunt
3697 3773 3847 3826 tan-

1097 3874 1295 3949 quam
1314 3852 1683 3920 abinvicem
1698 3844 2448 3944 diijunstaesedtanquam
2477 3870 2943 3941 componentes
2961 3850 3218 3919 unicum
3245 3872 3478 3945 corpus
3491 3900 3516 3937 ,
3532 3851 3707 3949 quod
3735 3872 3844 3925 to·

1094 3974 1237 4024 tum
1252 3950 1435 4021 fimul
1460 3951 1606 4018 anni
1633 3942 1828 4039 spatio
1848 3954 2113 4019 vertitur
2141 3954 2312 4021 circa
2334 3969 2638 4022 centrum
2663 3952 2733 4021 S.

1184 4096 1335 4173 Nec
1355 4086 1599 4165 refertsi
1618 4109 1910 4183 putemus
1936 4096 2039 4167 vel
2058 4118 2189 4167 non
2206 4118 2503 4189 putemus
2519 4118 2756 4171 terram
2773 4096 2846 4169 δε
2859 4100 3116 4169 Lunam
3135 4096 3342 4169 adhuc
3359 4095 3597 4172 involvi
3611 4098 3844 4171 eadem

1094 4198 1363 4269 materia
1390 4191 1654 4274 coelesti,
1672 4212 1791 4283 qua
1808 4196 2294 4267 involvebantur
2306 4218 2646 4292 antequam
2659 4200 2821 4269 circa
2835 4196 3052 4269 Solem
3067 4215 3364 4290 gyrarent
3385 4224 3408 4280 3
3467 4194 3844 4273 modotan-

1091 4317 1235 4369 tum
1255 4291 1521 4365 sciamus
1542 4290 1905 4376 materiam,
1934 4311 2054 4387 qua
2070 4314 2239 4364 nunc
2262 4290 2854 4380 invoiirunturmon
2871 4290 3037 4387 poffe
3066 4289 3182 4363 effe
3213 4296 3391 4367 vaide
3419 4292 3727 4366 diversam
3757 4286 3844 4368 ab

1090 4416 1173 4469 ca
1184 4418 1321 4495 guae
1338 4388 1427 4463 est
1444 4386 1639 4465 versus
1660 4393 1723 4460 K
1740 4390 1807 4464 &
1820 4394 1877 4461 t„
1904 4416 1924 4475 3
1964 4412 2125 4465 cum
2138 4396 2315 4465 enim
2328 4388 2404 4469 fit
2417 4390 2613 4468 fluida
2629 4443 2654 4482 ,
2679 4390 2728 4467 fi
2756 4395 2894 4489 ejus
2911 4392 3227 4490 particular
3256 4390 3451 4467 effent
3481 4393 3692 4464 muito
3739 4413 3840 4465 te»
3907 4398 3912 4403 '

3558 4514 3841 4580 autores,
