4692 5259
1346 506 2490 627 EntsTOLARUMssARS
2545 514 2650 595 11.
2725 516 3064 598 EPIST.
3151 522 3381 602 CXV.
3605 522 3722 622 337

1073 625 1438 703 meantem
1455 632 1711 707 adverto
1738 655 1877 705 eam
1906 629 2024 703 effe
2048 651 2339 721 naturam
2369 653 2614 725 motus,
2648 656 2720 710 ut
2745 664 2902 715 cum
2930 664 3160 737 corpus
3189 640 3448 740 aliquod
3468 644 3706 736 incepit

982 722 1305 809 moveri‚s
1295 733 1413 798 atis
1422 727 1498 803 fit
1513 732 1593 805 ad
1608 731 2125 811 continuandum
2141 733 2436 825 deinceps
2451 737 2586 825 ejus
2600 760 2864 814 motum
2882 735 3106 814 ‘eadem
3127 746 3442 818 celeritate
3456 790 3482 830 ,
3504 739 3698 837 idque

990 836 1059 903 in
1073 830 1240 901 linea
1257 825 1449 913 reela,
1464 831 1674 907 donec
1694 836 1773 907 ab
1784 836 1898 907 alia
1910 836 2119 929 aliqua
2133 829 2311 907 causa
2322 826 2564 911 sistatur
2577 858 2686 912 aut
2700 836 3090 919 defleantur.

1056 3757 1429 3834 Praetereain
1449 3758 1750 3848 gravitate
1767 3752 2101 3831 confidere
2118 3807 2135 3841 ‚
2156 3757 2329 3830 illam
2355 3774 2582 3852 augere
2608 3746 3000 3824 celeritatem
3029 3770 3374 3845 corporum
3390 3802 3411 3841 ,
3437 3774 3574 3851 quae
3595 3758 3678 3833 ab

962 3856 1069 3928 issa
1085 3860 1547 3950 deprimuntur,
1565 3861 1628 3927 in
1642 3853 1869 3927 eadem
1884 3857 2012 3928 fere
2027 3862 2289 3941 ratione,
2308 3860 2512 3950 in-qua
2533 3852 2674 3924 sunt
2702 3864 2988 3946 tempora
3016 3854 3242 3946 quibus
3269 3854 3380 3925 illa
3410 3852 3674 3928 descen-

963 3959 1149 4043 ἀιῃτ,
1165 3962 1251 4026 ita
1269 3978 1335 4025 ut
1340 3974 1529 4047 gutta
1545 3978 1716 4049 aquae
1731 3980 1837 4048 per
1850 3957 1982 4033 duo,
1998 3957 2164 4029 horae
2180 3960 2433 4028 minuta
2448 3946 2830 4026 descendens
2842 4000 2865 4035 ‚
2901 3944 3134 4020 feratur
3146 3952 3214 4021 in
3251 3948 3385 4023 fine
3417 3949 3680 4029 secundi
3751 3968 3763 3991 ·’

962 4053 1091 4126 fere
1110 4056 1304 4144 duplo
1323 4053 1615 4136 celerius,
1644 4074 1836 4151 quam
1855 4051 2062 4128 influe
2086 4059 2317 4149 prumi3
2352 4055 2525 4128 unde
2555 4048 2829 4146 sequitur
2854 4042 3116 4140 spatium
3133 4096 3157 4134 ,
3189 4049 3366 4145 quod
3385 4053 3492 4124 ina
3520 4074 3675 4147 pet-

959 4154 1153 4235 vadit,
1172 4145 1284 4220 effe
1299 4150 1425 4222 fere
1441 4156 1505 4222 in
1527 4153 1839 4247 duplicata
1856 4159 2099 4227 ratione
2114 4175 2461 4249 temporgs;
2493 4152 2617 4222 hoc
2639 4145 2792 4229 est,fi
2807 4150 3019 4240 primo
3048 4150 3302 4222 minuto
3331 4146 3673 4225 descendat

961 4252 1114 4342 pede
1130 4274 1300 4332 urm,
1328 4246 1655 4325 descendet
1688 4257 1889 4343 primo
1917 4254 1985 4325 &
2008 4250 2277 4324 secundo
2304 4251 2485 4324 fimul
2527 4268 2802 4347 quatuor
2829 4246 3112 4341 pedibus.
3153 4247 3379 4344 'Qod
3401 4247 3664 4341 quidem

957 4373 1070 4441 per
1084 4347 1480 4453 {fiangulum
1507 4355 1637 4424 AB
1659 4352 2085 4426 Ccommodc
2115 4353 2455 4446 explicatur
2478 4399 2498 4430 ‚
2528 4355 2711 4444 cujus
2741 4351 2900 4421 latus
2930 4344 3075 4419 AD
3106 4341 3505 4440 repraesentat
3543 4351 3676 4438 pri-

2344 4526 2356 4535 .
2410 4456 2543 4542 vu
3292 4506 3338 4545 ο
3484 4464 3674 4543 mum.
