4692 5259
734 1725 742 1735 .
892 1658 1261 1743 infinitum,
1293 1682 1508 1753 praeter
1533 1681 1644 1730 eos
1671 1661 1777 1752 qui
1810 1655 2083 1728 tendunt
2109 1655 2190 1727 ad
2227 1658 2602 1731 coeundum

1282 546 2043 629 Emi-omitum
2100 545 2361 625 PARS
2403 548 2490 625 tt.
2549 548 2880 629 misr.
2933 544 3221 641 xcvt.
3539 575 3652 653 ης

862 662 1239 744 -ηᾶθᾶἰωτ
1256 664 1633 745 indeversus
1660 670 1927 743 oculum
1956 670 2054 755 (ῖς
2086 666 2230 742 ferit
2262 668 2520 766 quidem
2551 668 2742 741 etiam
2760 683 2958 757 partes
2974 678 3128 745 aeris
3158 674 3239 746 ad
3272 677 3341 748 D
3363 675 3433 749 &
3450 673 3644 749 adri»

902 765 1011 840 sed
1023 775 1161 865 qui-:2
1180 770 1332 841 inde
1357 766 1560 843 versus
1577 771 1846 842 oculum
1865 789 2001 840 non
2018 765 2358 841 reflestitur
2371 789 2506 840 tam
2535 762 2808 847 dircite,
2844 763 3080 840 idcirco
3117 776 3181 844 in
3213 775 3335 846 illis
3365 781 3649 870 partibus

899 873 1125 941 minus
1138 865 1420 940 sensibile
1437 866 1754 961 est,neque
1772 872 1967 938 etiam
1986 867 2167 949 illud,
2234 867 2369 939 uod
2388 891 2465 936 ex
2479 864 2804 940 remotiori
2820 884 2995 955 parte
3015 867 3374 959 reflectitur,
3393 897 3462 945 ut
3479 899 3553 945 ex
3565 878 3642 945 F.

895 965 1039 1053 Erit
1054 965 1219 1041 forte
1232 964 1476 1064 insuper
1493 970 1611 1040 alia
1627 970 1835 1059 aliqua
1853 969 2189 1059 augmenti
2263 989 2299 1034 u
2302 971 2406 1061 Jus
2435 964 2784 1062 apparentis
2820 983 2889 1031 ca
2898 962 2997 1034 usa
3011 1018 3035 1050 ,
3066 965 3168 1040 sed
3183 970 3305 1043 viso
3321 998 3480 1068 opus
3496 971 3645 1044 effer

899 1066 983 1137 ad
996 1089 1132 1138 rem
1150 1061 1605 1140 observandam
1622 1098 1641 1153 ·,
1680 1066 1749 1138 &
1767 1062 1928 1135 mihi
1947 1061 2281 1158 persuadeo
2295 1066 2545 1139 nullam
2558 1061 2697 1144 eise,
2730 1081 2925 1155 quam
2959 1067 3024 1136 in
3037 1066 3250 1163 aliquo
3271 1072 3646 1166 Dioptrices

902 1189 1061 1239 meae
1073 1164 1223 1235 loco
1240 1188 1377 1236 non
1389 1169 1741 1260 attigerim.

988 1268 1327 1362 Quantum
1344 1262 1423 1335 ad
1436 1258 1773 1357 perspiciila
1785 1259 2333 1353 ustoria‚putabam
2353 1288 2456 1335 me
2465 1269 2603 1358 jam

880 1363 976 1433 ed
988 1384 1053 1435 te
1071 1354 1354 1455 stripfiffe
1367 1363 1579 1433 radios
1597 1359 1737 1432 iilos
1758 1380 1929 1432 utere
1946 1408 1968 1442 ,
1987 1383 2120 1431 non
2137 1366 2249 1457 qui
2279 1366 2341 1432 in
2362 1363 2602 1453 punsto

890 1464 1110 1561 aliquo
1134 1460 1625 1543 Mathematico,
1641 1456 1741 1530 sed
1757 1464 1858 1554 qui
1879 1463 1943 1529 in
1963 1457 2200 1551 punsto
2219 1462 2429 1555 aliquo
2447 1460 2605 1556 phy-

889 1554 1022 1631 fico
1034 1568 1273 1633 co‘e'unt
1292 1592 1315 1647 3
1345 1583 1555 1655 neque
1590 1561 1747 1631 alios
1776 1552 1941 1652 poffe
1977 1555 2154 1629 reddi
2183 1560 2503 1652 parallelos
2534 1563 2602 1633 in

890 1760 960 1830 in
976 1754 1217 1852 puncto
1232 1759 1442 1852 ali'quo
1457 1757 1962 1843 Mathematic03
1998 1758 2083 1826 ita
2099 1777 2171 1828 ut
2198 1762 2491 1849 quamvis
2509 1760 2604 1830 vi-

890 1875 1068 1930 trum
1084 1860 1146 1930 C
1165 1860 1258 1943 D,
1283 1880 1454 1952 aeque
1464 1877 1779 1951 magnum
1798 1848 2029 1925 effetae
2047 1855 2160 1925 Sol
2191 1859 2253 1925 A
2269 1856 2343 1937 B,
2362 1856 2602 1928 radios-

889 1978 1007 2050 que
1021 1962 1160 2051 eJ’us
1176 1956 1499 2047 parallelos
1516 1958 1617 2036 ,in
1634 1952 1943 2049 punstum
1960 1951 2217 2048 aliquod
2236 1952 2606 2025 Mathema-

884 2063 1115 2139 ticum,
1141 2077 1219 2124 ex
1234 2076 1333 2148 gr.
1352 2056 1407 2127 E
1433 2056 1802 2149 colligeret,
1832 2073 2049 2123 tamen
2078 2050 2191 2123 nist
2221 2054 2372 2124 radii
2400 2050 2494 2123 isti
2522 2054 2601 2123 ab

889 2159 1027 2227 aliis
1045 2176 1181 2226 non
1206 2156 1510 2247 parallelis
1542 2155 1990 2244 adjuvarentur
2007 2197 2031 2234 ,
2064 2173 2467 2246 nequaquam
2499 2151 2601 2224 fo-

886 2274 1028 2323 rent
1047 2251 1294 2323 urendo
1308 2273 1485 2342 pares
1504 2278 1526 2333 3
1558 2272 1710 2320 nam
1729 2273 1862 2318 non
1891 2244 2037 2318 effer
2068 2253 2208 2342 plus
2238 2253 2595 2341 proportio-

890 2354 989 2419 nis
1007 2353 1170 2419 inter
1189 2368 1415 2418 eorum
1434 2350 1567 2418 vim
1583 2349 1650 2418 &
1665 2345 1839 2415 illam
1857 2346 2177 2415 radiorum
2194 2344 2274 2415 ad
2287 2344 2600 2437 punstum

889 2445 971 2516 ali
1018 2444 1150 2515 uod
1168 2441 1490 2539 physicum
1533 2441 1901 2513 coeundum
1918 2493 1941 2526 ,
1969 2462 2165 2533 quam
2184 2446 2344 2513 inter
2360 2445 2602 2514 lineam

876 2544 962 2623 ·&
1001 2540 1521 2636 uperficiem,boc
1538 2538 1644 2624 est,
1662 2537 1832 2613 nulla
1850 2533 2122 2629 prorsus.

986 2649 1338 2738 Qantum
1372 2639 1455 2711 ad
1486 2660 1588 2711 tua
1619 2639 1698 2710 de
1739 2637 1900 2711 tubo
1919 2641 2345 2731 experimenta
2361 2687 2382 2720 ,
2410 2641 2588 2734 piget

885 2763 994 2815 me
1020 2740 1194 2837 quod
1209 2762 1354 2811 mea
1366 2734 1541 2809 causa
1570 2734 1852 2808 laborem
1885 2741 2152 2828 coeperis
2180 2757 2253 2805 ea
2279 2732 2588 2829 faciendi;

885 2843 1073 2915 video
1090 2842 1267 2912 enim
1286 2837 1413 2911 fere
1428 2834 1804 2929 impoliibile
1818 2827 1933 2903 effe
1944 2855 2014 2904 ut
2026 2858 2099 2904 ex
2116 2836 2334 2908 alienis
2348 2842 2597 2927 expeti-

888 2941 1127 3013 mentis
1142 2936 1303 3011 reste
1314 2938 1785 3015 ratiocinemur,
1803 2951 2128 3026 propterea
2145 2936 2323 3026 quod
2335 2937 2704 3032 quis-queres
2718 2939 3000 3007 intuetur
3013 2932 3258 3011 diverso
3272 2940 3343 3014 Sc
3358 2941 3601 3038 peculi..

884 3044 968 3107 ari
986 3038 1186 3109 modo
1206 3065 1226 3119 ·‚
1256 3035 1327 3108 δι
1343 3058 1484 3107 vero
1500 3037 1792 3131 quamvis
1808 3028 2021 3102 exaste
2035 3029 2338 3103 constaret
2360 3038 2572 3126 quales
2588 3038 2785 3108 lineas
2796 3038 2819 3126 j
2827 3031 2996 3106 aetus
3028 3058 3201 3130 aquae
3230 3040 3608 3131 describant,

886 3155 992 3207 aut
1008 3133 1185 3228 globi
1201 3130 1235 3205 ὲ
1253 3151 1575 3301 termas-tto
1594 3134 1822 3204 bellico
1837 3124 2064 3223 explofi
2082 3181 2106 3216 ,
2142 3130 2277 3201 &c.
2298 3129 2466 3206 haud
2482 3136 2668 3209 video
2693 3154 3010 3231 magnum
3023 3137 3173 3209 inde
3190 3129 3467 3213 fiuant»
3496 3136 3613 3215 de·-

882 3254 1066 3304 mum
1126 3256 1247 3307 eret
1301 3258 1316 3304 ι
1384 3260 1422 3301 o
1473 3256 1532 3302 e.

972 3255 1705 3427 Exierimpeniiumfluod
1726 3328 1808 3401 de
1822 3320 2112 3401 descensu
2131 3331 2413 3425 corporis
2430 3331 2512 3404 ab
2524 3333 2648 3406 alio
2659 3324 2886 3402 tardati
2904 3328 3062 3402 velle
3076 3359 3141 3414 te
3159 3320 3360 3407 faeere
3376 3328 3609 3427 scribis,

883 3428 1045 3502 mihi
1076 3428 1545 3503 videturadhuc
1564 3430 1779 3499 minus
1798 3428 1954 3499 utile
1975 3458 1995 3513 ;
2040 3450 2187 3498 uam
2207 3424 2337 3499 fine
2362 3429 2557 3504 dubio
2588 3448 2800 3503 totum
2839 3427 3173 3504 discrimen
3191 3483 3212 3514 ,
3244 3435 3420 3528 quod
3446 3436 3610 3509 inter

881 3534 1166 3622 corporis
1186 3527 1379 3625 hujus
1396 3533 1478 3601 ita
1492 3526 1927 3623 descen-dentis
1947 3545 2206 3599 motum
2225 3531 2896 3621 intercedit,illumque
2909 3528 3196 3620 ejusdem
3213 3537 3524 3623 corporiS,
3556 3531 3607 3607 fi

885 3627 1170 3700 detracto
1188 3628 1471 3722 pondere
1488 3626 2394 3723 aqualieontrapondio,quod
2412 3629 2570 3702 illud
2585 3628 2854 3698 retardat
2869 3634 2898 3717 <
2911 3651 3059 3699 caete
3068 3638 3148 3700 ris
3163 3653 3293 3701 nou
3309 3628 3606 3731 mutatis)

881 3730 947 3799 in
966 3729 1101 3798 ae're
1120 3730 1257 3799 libet
1273 3751 1384 3802 um
1412 3722 1840 3808 descenderet,
1858 3748 1990 3797 non
2009 3726 2262 3797 aliunde
2285 3726 2503 3809 oritur,
2532 3722 2777 3819 quami
2804 3734 3075 3800 materiae
3106 3729 3608 3819 impedimentis,

882 3849 1113 3918 nempe
1129 3852 1203 3898 ex
1222 3850 1300 3896 eo
1317 3824 1489 3918 quod
1504 3827 1669 3896 funis
1688 3848 1750 3896 tn
1771 3827 2050 3899 trochlea
2066 3825 2297 3921 absque
2311 3829 2510 3923 aliqua
2526 3819 2901 3897 'difficultate
2929 3848 3066 3899 non
3095 3847 3453 3913 moveatur,
3472 3828 3602 3906 &c-

975 3929 1136 3996 Non
1154 3923 1439 4018 respondi
1454 3926 1533 3994 ad
1551 3922 1913 3996 schedulcm
1930 3924 2207 3997 Domini
2223 3924 2336 3999 des
2353 3929 2605 4022 Argnes
2619 3929 2683 3997 in
2699 3925 3066 4021 literis,quas
3080 3926 3158 4017 ad
3173 3925 3358 4001 illum
3373 3928 3606 4016 scribo,

879 4019 961 4092 de
976 4048 1046 4092 ea
1078 4029 1251 4096 enim
1270 4030 1335 4096 in
1350 4017 1467 4094 suis
1484 4022 1885 4094 mentionem
1906 4045 2037 4093 non
2054 4019 2347 4103 faciebat.
2399 4027 2478 4097 Et
2494 4045 2785 4117 praeterea
2803 4043 3090 4097 mentem
3106 4022 3281 4097 suam
3300 4051 3432 4099 non
3456 4023 3598 4103 satis

879 4122 1172 4219 explicuit
1196 4173 1214 4204 ,
1243 4144 1314 4192 ut
1336 4120 1556 4213 poffi'm
1592 4123 1767 4192 illam
1796 4142 2013 4213 capere
2031 4153 2049 4206 ς
2088 4144 2193 4194 mc
2206 4120 2325 4194 dus
2341 4144 2376 4206 ,‘
2412 4146 2542 4218 quo
2565 4128 3113 4197 ratiocinationem
3151 4125 3323 4196 suam
3365 4148 3596 4222 aggre-

876 4223 1071 4304 ditur,
1090 4224 1266 4294 illam
1288 4242 1427 4291 tum
1459 4219 2010 4300 venislineis‚1un1
2026 4227 2233 4291 curvis
2248 4225 2626 4312 applicando
2635 4261 2658 4309 ,·
2688 4244 2765 4291 eo
2781 4225 3130 4318 elegantior
3160 4223 3281 4306 est,
3332 4248 3461 4318 quo
3473 4246 3599 4319 ge-

876 4326 1051 4411 neral
1061 4323 1179 4398 ior,
1201 4318 1407 4414 estque
1426 4342 1500 4388 ex
1520 4330 1599 4388 eo
1632 4314 1990 4410 desumptus
2012 4371 2030 4401 ,
2058 4314 2232 4413 quod
2270 4311 2664 4393 Geometriae'
2689 4317 3197 4415 Metaph‘y'ficam
3239 4342 3462 4390 vocare
3485 4318 3592 4393 soa-

878 4414 1006 4509 leo,
1022 4445 1154 4521 quae
1175 4416 1439 4509 scientia
1467 4414 1591 4533 eii,
1618 4441 1806 4516 quam
1824 4419 1898 4495 ab
1908 4422 2030 4492 alio
2042 4438 2254 4515 praeter
2268 4423 2388 4491 Art
2403 4418 2733 4497 bime-dem
2765 4426 3025 4497 nemine
3059 4418 3402 4517 adhibitam
3407 4414 3592 4600 5:121}

1516 4546 1522 4554 ·
1610 4574 1617 4583 -
2333 4524 2508 4592 Mn
3301 4522 3404 4593 ani
3561 4566 3593 4585 .
