4692 5259
1130 527 1281 623 με
1466 512 1577 579 ·.
1773 524 2352 602 RENATI
2464 520 3376 599 DESCAnri-:s

1158 646 1165 652 ·
2057 647 2888 748 ‚Epts‘roLA
2984 646 3156 716 xm„

1942 777 2114 888 Ad
2208 783 2329 886 R.
2433 781 2537 888 P.
2627 775 3290 887 Mersennum.

2043 954 2167 1030 De
2176 945 2411 1055 fluxu
2441 944 2531 1038 ῤ’
2545 944 2838 1053 refluxu
2868 953 3104 1029 marai.

1158 1061 1602 1280 SUperiore
1610 1081 2014 1156 hebdomada
2031 1077 2650 1175 temporisangustiis
2665 1078 2832 1150 adeo
2865 1075 3224 1151 coarctatus
3240 1100 3434 1166 etam,
3453 1098 3521 1152 ut
3537 1102 3668 1153 non
3682 1100 3923 1178 potne-

1301 1189 1417 1256 rim
1431 1182 1729 1256 omnibus
1747 1182 1985 1254 ultimae
2009 1176 2422 1271 epistolaetuae
2435 1180 2745 1273 capitibus
2782 1174 3147 1270 respondere
3181 1227 3204 1261 ‚
3229 1179 3309 1249 ad
3335 1202 3587 1251 nonum
3634 1182 3921 1255 devene-
4073 1244 4110 1255 μ

1158 1304 1330 1366 ram,
1346 1285 1413 1355 in
1431 1306 1560 1378 quo
1577 1282 1658 1352 de
1675 1284 2001 1352 memoriae
2016 1279 2190 1371 plicis
2203 1277 2503 1372 loqueris,
2530 1298 2793 1374 quarum
2826 1275 3086 1370 quidem
3112 1298 3461 1350 numerum
3488 1300 3926 1374 permagnum

1157 1385 1394 1478 requiri
1406 1403 1544 1453 non
1555 1381 1868 1462 existimo,
1890 1396 1965 1449 ut
1978 1379 2282 1450 omnibus
2299 1377 2482 1448 rebus
2509 1429 2533 1461 ,
2559 1397 2837 1476 quarum
2865 1371 3179 1448 recordari
3206 1373 3558 1466 possumus,
3600 1376 3870 1452 sufficiat
3899 1429 3930 1466 ,
4041 1430 4046 1434 -

1162 1487 1312 1578 quia
1328 1501 1563 1572 nempe
1575 1501 1698 1553 una
1712 1477 2055 1569 eademque
2071 1476 2231 1572 plica
2262 1477 2560 1546 omnibus
2606 1476 2795 1546 rebus
2824 1469 3131 1579 fimilibug
3162 1473 3450 1559 inservit,
3513 1501 3580 1551 at
3625 1501 3703 1551 ue
3727 1483 3929 1552 etiam

1165 1582 1314 1676 quia
1333 1599 1548 1670 praetet
1562 1581 1943 1650 memoriam
1960 1597 2334 1670 corpoream
2353 1623 2376 1656 ,
2414 1576 2595 1666 cujus
2611 1574 2926 1669 imagines
2938 1594 3048 1665 per
3072 1577 3308 1647 cerebri
3340 1577 3558 1670 plicata,
3577 1586 3602 1673 J
3641 1577 3933 1655 umbrati

1177 1671 1455 1773 possunt,
1469 1674 1657 1747 aliam
1673 1678 2002 1748 memoriae
2019 1670 2286 1768 speciem
2306 1679 2373 1745 in
2387 1670 2712 1746 intelleciu
2729 1669 2941 1744 nostro
2957 1671 3390 1766 deprehendo,
3420 1697 3555 1770 quae
3581 1673 3618 1747 εὶ
3637 1677 3929 1769 corporis

1136 1816 1146 1828 ·
1173 1778 1435 1872 organis
1447 1800 1584 1848 non
1601 1775 1860 1872 pendet,
1879 1797 2132 1871 quaequc
2147 1779 2212 1846 in
2224 1772 2430 1846 bestiis
2449 1794 2581 1843 non
2597 1775 2897 1865 reperitur
2922 1803 2945 1858 ;
2970 1790 3157 1866 atque
3172 1773 3287 1846 hac
3309 1778 3613 1867 praecipue
3651 1780 3927 1850 utimur.

1144 1918 1153 1927 -
1273 1877 1483 1969 Qod
1496 1875 1576 1947 ad
1589 1875 2124 1967 reciprocationes
2136 1877 2355 1957 maris,
2373 1874 2657 1968 quamvis
2673 1893 2748 1940 ex
2764 1871 2996 1942 Mundi
3011 1875 3139 1941 mei
3160 1868 3465 1943 structura
3493 1878 3768 1947 omnino
3798 1872 3923 1948 de·
4002 1874 4010 1881 '

1143 2005 1153 2012 ·
1172 1973 1521 2067 pendeant,
1534 1997 1746 2072 neque
1757 1977 1891 2048 illas
1911 1973 2234 2066 separatim
2249 1971 2409 2047 reae
2423 1992 2498 2041 ex
2506 1971 2566 2061 pl
2575 1979 2728 2040 'care
2758 1967 3011 2064 poffim,
3031 1987 3246 2042 tamen
3265 1975 3411 2067 quia
3427 1977 3538 2045 tibi
3568 1995 3804 2071 negare
3817 1973 3924 2043 ni·

1173 2070 1266 2147 hil
1278 2070 1533 2170 Pomm,
1543 2074 1827 2148 conabor
1839 2074 1946 2148 hic
1960 2075 2096 2147 illas
2109 2075 2323 2147 leviter
2351 2069 2811 2167 perstringere.-
2871 2071 2964 2141 sit
2988 2070 3061 2140 T
3087 2086 3250 2139 terra
3268 2120 3293 2157 ,
3328 2074 3617 2150 EFGH
3649 2093 3810 2173 aqua
3829 2070 3926 2145 ini
